<?xml version="1.0" encoding="UTF-8"?><collection xmlns="http://www.loc.gov/MARC21/slim"><record><leader>00336nam--2200121-i-4500</leader><controlfield tag="001">000038532</controlfield><controlfield tag="002">20161230</controlfield><controlfield tag="005">20161230201041</controlfield><controlfield tag="008">060222s1000------------r-----000-0-eng-d</controlfield><datafield ind1=" " ind2=" " tag="080"><subfield code="a">92</subfield></datafield><datafield ind1=" " ind2=" " tag="245"><subfield code="a">Reper chronologiques de l`istoire du nucleaire 100 ans de nucleaire. 1896-1995</subfield></datafield><datafield ind1=" " ind2=" " tag="260"><subfield code="a">Fontenay-aux-rose, Cea, 1998, 198p</subfield></datafield><datafield ind1=" " ind2=" " tag="852"><subfield code="a">81111</subfield></datafield></record></collection>